
@article{
	pacheco,
	address = {\textit{Cordeirópolis, São Paulo, Brasil}},
	author = {Pacheco, Camilla A. and Schinor, Evandro H. and Azevedo, Fernando A. and Shimizu, Gabriel D. and Bastianel, Marinês and Cristofani-Yaly, Mariângela},
	journal = {Citrus Research & Technology},
	title = {Sensory acceptance and postharvest quality of a new hybrid of citrus: TMxLP 16},
	year = {2018},
	volume = {39},
	pages = {e-1031-e-1035}}


@article{
	pimentel,
	address = {Piracicaba, Sp, Brasil},
	author = {Frederico Pimentel-Gomes},
	publisher = {FEALQ},
	title = {Curso de Estatistica Experimental},
	year = {2009},
	pages = {451}}


@article{
	banzatto,
	address = {Jaboticabal, Sp, Brasil},
	author = {Banzatto, David A. and  Kronka,  Sérgio do N. and Shimizu, Gabriel D. and Costa, Silvano C.},
	publisher = {Funep},
	title = {Experimentação Agrícola},
	year = {2006},
	pages = {237}}


 @miscl{R,
    title = {R: A Language and Environment for Statistical Computing},
    author = {{R Core Team}},
    organization = {R Foundation for Statistical Computing},
    address = {Vienna, Austria},
    year = {2017},
    url = {https://www.R-project.org/},
  }
	
@article{
	shimizu,
  address = {\textit{Universidade Estadual de Londrina}},
	author = {SHIMIZU, GABRIEL DANILO},
	journal = {Monografia de Especialização},
  title = {Análise de Medidas Repetidas no Tempo de raças de Equinos submetidos a prova de laço},
  year = {2018},
	pages = {26}}
  	