@incollection{bourdieu,
  booktitle = "A Economia das Trocas Simbólicas",
  title     = {{Sistemas de Ensino e Sistemas de Pensamento}},
  author    = "Bourdieu, Pierre",
  year      = "2015",
  address   = "São Paulo",
  publisher = "Perspectiva",
  edition   = 8
}

@incollection{lins,
  booktitle = "O Modelo dos Campos Semânticos na Educação Básica",
  title     = {{Os PCN e a Educação Matemática no Brasil}},
  author    = "Lins, Rômulo Campos",
  year      = "2020",
  address   = "Curitiba, PR",
  publisher = "Appris",
  edition   = 1
}

@book{foucault,
  author    = "Foucault, Michel",
  title     = "A Verdade e as Formas Jurídicas",
  publisher = "NAU Editora",
  year      = 2002,
  edition   = 3
}
