
@incollection{bourdieu_sistemas_2015,
	location = {São Paulo},
	edition = {8},
	title = {Sistemas de Ensino e Sistemas de Pensamento},
	booktitle = {A Economia das Trocas Simbólicas},
	publisher = {Perspectiva},
	author = {Bourdieu, Pierre},
	date = {2015},
}

@incollection{lins_os_2020,
	location = {Curitiba, {PR}},
	edition = {1},
	title = {Os {PCN} e a Educação Matemática no Brasil},
	booktitle = {O Modelo dos Campos Semânticos na Educação Básica},
	publisher = {Appris},
	author = {Lins, Rômulo Campos},
	date = {2020},
}

@book{cavalcante_basedosdados_2022,
	title = {basedosdados: 'Base Dos Dados' R Client},
	url = {https://CRAN.R-project.org/package=basedosdados},
	author = {Cavalcante, Pedro},
	date = {2022},
}

@misc{cochrane_writing_2005,
	title = {Writing Tips for Ph. D. Students},
	url = {https://www.johnhcochrane.com/research-all/writing-tips-for-phd-studentsnbsp},
	author = {Cochrane, John},
	date = {2005},
}

@book{foucault_verdade_2013,
	location = {Rio de Janeiro},
	edition = {4ª edição},
	title = {A Verdade E As Formas Jurídicas},
	isbn = {978-85-8128-016-5},
	abstract = {Este livro é um conjunto de cinco conferências pronunciadas na {PUC}-Rio por Michel Foucault em 1973, tratando, pela primeira vez em seu pensamento, da demonstração de vínculo entre os sistemas de verdade e as práticas sociais e políticas, de onde provêm e onde se investem. Nessas conferências, Foucault antecipa questões que mais tarde seriam desenvolvidas em Vigiar e Punir, além de propor uma leitura ante epistemológica de Nietzsche, a revelação da existência de uma tensão entre prova e inquérito na antiguidade greco-romana através de uma fascinante análise do Édipo de Sófocles e a hipótese de um processo ternário, articulando as formas de produção da verdade no Ocidente. Esta publicação consiste no único trabalho amplo do autor entre 1969 e 1975.},
	publisher = {{NAU}},
	author = {Foucault, Michel},
	date = {2013-01-01},
}

@book{rodrigues_sociologia_2018,
	edition = {7ª edição},
	title = {Sociologia da educação},
	isbn = {978-85-8316-054-0},
	abstract = {Educar é, antes de tudo, organizar a experiência dos indivíduos na vida cotidiana, desenvolver-lhes a personalidade e garantir-lhes a sobrevivência. As ações empreendidas com a finalidade de educar estão diretamente relacionadas às normas sociais vigentes e aos valores compartilhados pelos indivíduos, no contexto de determinadas sociedade, cultura e tempo histórico. Se as regras do mundo social já estão prontas quando nascemos, a vida que vivemos na relação com os outros nos convida a mudá-las, e nós as mudamos, mesmo que não percebamos ou que apenas as gerações seguintes sintam os efeitos de nossa intervenção.A sociologia é uma ciência que surge e se desenvolve com o advento do capitalismo. Por causa dessa marca de nascimento, a reflexão sociológica, que aparece na sistematização intelectual de seus fundadores mais importantes como Émile Durkheim, Karl Marx ou Max Weber, tem como ponto de partida o interesse em compreender as maravilhas e as atrocidades deste novo mundo que se abriu com o desenvolvimento da grande indústria moderna e da sociedade dividida em classes.Para a sociologia, não há pedagogia neutra: todas são construídas e utilizadas em meio a valores e normas, com o objetivo de conservar o status quo ou de subvertê-lo. Olhar a educação do ponto de vista da sociologia é compreender que se por um lado as pedagogias são o fundamento das práticas educacionais, por outro as crenças, os valores e as normas sociais são os fundamentos da pedagogia. Este livro apresenta a sociologia da educação como a disciplina acadêmica que se preocupa em reconstruir as relações, que existem na prática cotidiana, entre as ações que objetivam educar e as estruturas da vida social, quer dizer, a economia, a cultura, as normas jurídicas, as concepções de mundo, os conflitos políticos.},
	publisher = {Lamparina},
	author = {Rodrigues, Alberto Tosi},
	date = {2018-02-04},
}
